@incollection{sharma2010gpgpu,
  title={GPGPU-compatible archive based stochastic ranking evolutionary algorithm (G-ASREA) for multi-objective optimization},
  author={Sharma, Deepak and Collet, Pierre},
  booktitle={Parallel Problem Solving from Nature, PPSN XI},
  pages={111--120},
  year={2010},
  publisher={Springer}
}

@inproceedings{sharma2010archived,
  title={An archived-based stochastic ranking evolutionary algorithm (ASREA) for multi-objective optimization},
  author={Sharma, Deepak and Collet, Pierre},
  booktitle={Proceedings of the 12th annual conference on Genetic and evolutionary computation},
  pages={479--486},
  year={2010},
  organization={ACM}
}

@book{tsutsui2013massively,
  title={Massively parallel evolutionary computation on GPGPUs},
  author={Tsutsui, Shigeyoshi and Collet, Pierre},
  year={2013},
  publisher={Springer}
}

@article{marsaglia2003xorshift,
  title={Xorshift rngs},
  author={Marsaglia, George and others},
  journal={Journal of Statistical Software},
  volume={8},
  number={14},
  pages={1--6},
  year={2003}
}

@incollection{nagata2006new,
  title={New EAX crossover for large TSP instances},
  author={Nagata, Yuichi},
  booktitle={Parallel Problem Solving from Nature-PPSN IX},
  pages={372--381},
  year={2006},
  publisher={Springer}
}

@article{hanshar2007dynamic,
  title={Dynamic vehicle routing using genetic algorithms},
  author={Hanshar, Franklin T and Ombuki-Berman, Beatrice M},
  journal={Applied Intelligence},
  volume={27},
  number={1},
  pages={89--99},
  year={2007},
  publisher={Springer}
}

@article{deb2002fast,
  title={A fast and elitist multiobjective genetic algorithm: NSGA-II},
  author={Deb, Kalyanmoy and Pratap, Amrit and Agarwal, Sameer and Meyarivan, TAMT},
  journal={Evolutionary Computation, IEEE Transactions on},
  volume={6},
  number={2},
  pages={182--197},
  year={2002},
  publisher={IEEE}
}

@book{lobo2007parameter,
  title={Parameter setting in evolutionary algorithms},
  author={Lobo, Fernando G and Lima, Cl{\'a}udio F and Michalewicz, Zbigniew},
  volume={54},
  year={2007},
  publisher={Springer Science \& Business Media}
}

@article{ombuki2006multi,
  title={Multi-objective genetic algorithms for vehicle routing problem with time windows},
  author={Ombuki, Beatrice and Ross, Brian J and Hanshar, Franklin},
  journal={Applied Intelligence},
  volume={24},
  number={1},
  pages={17--30},
  year={2006},
  publisher={Springer}
}

@article{hill2008amdahl,
  title={Amdahl's law in the multicore era},
  author={Hill, Mark D and Marty, Michael R},
  journal={Computer},
  number={7},
  pages={33--38},
  year={2008},
  publisher={IEEE}
}

@article{godfrey2007algorithms,
  title={Algorithms and analyses for maximal vector computation},
  author={Godfrey, Parke and Shipley, Ryan and Gryz, Jarek},
  journal={The VLDB Journalâ€”The International Journal on Very Large Data Bases},
  volume={16},
  number={1},
  pages={5--28},
  year={2007},
  publisher={Springer-Verlag New York, Inc.}
}

@incollection{lutton2014gridvis,
  title={GridVis: Visualisation of Island-Based Parallel Genetic Algorithms},
  author={Lutton, Evelyne and Gilbert, Hugo and Cancino, Waldo and Bach, Benjamin and Parrend, Pierre and Collet, Pierre},
  booktitle={Applications of Evolutionary Computation},
  pages={702--713},
  year={2014},
  publisher={Springer}
}

@inproceedings{collet2000take,
  title={Take it EASEA},
  author={Collet, Pierre and Lutton, Evelyne and Schoenauer, Marc and Louchet, Jean},
  booktitle={Parallel Problem Solving from Nature PPSN VI},
  pages={891--901},
  year={2000},
  organization={Springer}
}

@article{lutton2014visual,
  title={Visual and Audio Monitoring of Island Based Parallel Evolutionary Algorithms},
  author={Lutton, Evelyne and Gilbert, Hugo and Cancino, Waldo and Bach, Benjamin and Pallamidessi, Joseph and Parrend, Pierre and Collet, Pierre},
  journal={Journal of Grid Computing},
  pages={1--19},
  year={2014},
  publisher={Springer}
}

@incollection{pospichal2010parallel,
  title={Parallel genetic algorithm on the cuda architecture},
  author={Pospichal, Petr and Jaros, Jiri and Schwarz, Josef},
  booktitle={Applications of Evolutionary Computation},
  pages={442--451},
  year={2010},
  publisher={Springer}
}

@article{maitre2012easea,
  title={EASEA: specification and execution of evolutionary algorithms on GPGPU},
  author={Maitre, Ogier and Kr{\"u}ger, Fr{\'e}d{\'e}ric and Querry, St{\'e}phane and Lachiche, Nicolas and Collet, Pierre},
  journal={Soft Computing},
  volume={16},
  number={2},
  pages={261--279},
  year={2012},
  publisher={Springer}
}

@article{voorneveld2003characterization,
  title={Characterization of Pareto dominance},
  author={Voorneveld, Mark},
  journal={Operations Research Letters},
  volume={31},
  number={1},
  pages={7--11},
  year={2003},
  publisher={Elsevier}
}

@book{sanders2010cuda,
  title={CUDA by example: an introduction to general-purpose GPU programming},
  author={Sanders, Jason and Kandrot, Edward},
  year={2010},
  publisher={Addison-Wesley Professional}
}

@book{kallehauge2005vehicle,
  title={Vehicle routing problem with time windows},
  author={Kallehauge, Brian and Larsen, Jesper and Madsen, Oli BG and Solomon, Marius M},
  year={2005},
  publisher={Springer}
}

@book{toth2001vehicle,
  title={The vehicle routing problem},
  author={Toth, Paolo and Vigo, Daniele},
  year={2001},
  publisher={Society for Industrial and Applied Mathematics}
}

@article{dean2008mapreduce,
  title={MapReduce: simplified data processing on large clusters},
  author={Dean, Jeffrey and Ghemawat, Sanjay},
  journal={Communications of the ACM},
  volume={51},
  number={1},
  pages={107--113},
  year={2008},
  publisher={ACM}
}

@article{solomon1987algorithms,
  title={Algorithms for the vehicle routing and scheduling problems with time window constraints},
  author={Solomon, Marius M},
  journal={Operations research},
  volume={35},
  number={2},
  pages={254--265},
  year={1987},
  publisher={Informs}
}


@book{john1992adaptation,
  title={Adaptation in natural and artificial systems: an introductory analysis with applications to biology, control, and artificial intelligence},
  author={John Henry Holland},
  year={1992},
  publisher={MIT press}
}

@article{cho2002towards,
  title={Towards creative evolutionary systems with interactive genetic algorithm},
  author={Cho, Sung-Bae},
  journal={Applied Intelligence},
  volume={16},
  number={2},
  pages={129--138},
  year={2002},
  publisher={Springer}
}

@incollection{branke2000multi,
  title={A multi-population approach to dynamic optimization problems},
  author={Branke, J{\"u}rgen and Kau{\ss}ler, Thomas and Smidt, Christian and Schmeck, Hartmut},
  booktitle={Evolutionary Design and Manufacture},
  pages={299--307},
  year={2000},
  publisher={Springer}
}

@book{branke1999evolutionary,
  title={Evolutionary algorithms for dynamic optimization problems: A survey},
  author={Branke, J{\"u}rgen},
  year={1999},
  publisher={AIFB}
}

@article{zitzler2000comparison,
  title={Comparison of multiobjective evolutionary algorithms: Empirical results},
  author={Zitzler, Eckart and Deb, Kalyanmoy and Thiele, Lothar},
  journal={Evolutionary computation},
  volume={8},
  number={2},
  pages={173--195},
  year={2000},
  publisher={MIT Press}
}

@book{golden2008vehicle,
  title={The Vehicle Routing Problem: Latest Advances and New Challenges: latest advances and new challenges},
  author={Golden, Bruce L and Raghavan, Subramanian and Wasil, Edward A},
  volume={43},
  year={2008},
  publisher={Springer Science \& Business Media}
}

@book{gendreau2008metaheuristics,
  title={Metaheuristics for the vehicle routing problem and its extensions: A categorized bibliography},
  author={Gendreau, Michel and Potvin, Jean-Yves and Br{\"a}umlaysy, Olli and Hasle, Geir and L{\o}kketangen, Arne},
  year={2008},
  publisher={Springer}
}

@article{jiang2011synthesis,
  title={Synthesis and structure determination of the hierarchical meso-microporous zeolite ITQ-43},
  author={Jiang, Jiuxing and Jorda, Jose L and Yu, Jihong and Baumes, Laurent A and Mugnaioli, Enrico and Diaz-Cabanas, Maria J and Kolb, Ute and Corma, Avelino},
  journal={Science},
  volume={333},
  number={6046},
  pages={1131--1134},
  year={2011},
  publisher={American Association for the Advancement of Science}
}

@article{whitley1999island,
  title={The island model genetic algorithm: On separability, population size and convergence},
  author={Whitley, Darrell and Rana, Soraya and Heckendorn, Robert B},
  journal={Journal of Computing and Information Technology},
  volume={7},
  pages={33--48},
  year={1999},
  publisher={UNIVERSITY COMPUTING CENTRE ZAGREB}
}

@article{holten2006hierarchical,
  title={Hierarchical edge bundles: Visualization of adjacency relations in hierarchical data},
  author={Holten, Danny},
  journal={Visualization and Computer Graphics, IEEE Transactions on},
  volume={12},
  number={5},
  pages={741--748},
  year={2006},
  publisher={IEEE}
}

@article{braysy2005vehicle,
  title={Vehicle routing problem with time windows, Part I: Route construction and local search algorithms},
  author={Br{\"a}ysy, Olli and Gendreau, Michel},
  journal={Transportation science},
  volume={39},
  number={1},
  pages={104--118},
  year={2005},
  publisher={INFORMS}
}

@book{gendreau2010handbook,
  title={Handbook of metaheuristics},
  author={Gendreau, Michel and Potvin, Jean-Yves},
  volume={2},
  year={2010},
  publisher={Springer}
}
